

@book{hehcc,
title = "Handbook of Elliptic and Hyperelliptic Curve Cryptography",
author = "Roberto Avanzi and Henri Cohen and Christophe Doche and Gerhard Frey and Tanja Lange and Kim Nguyen and Frederik Vercauteren and Bertrand Byramjee and Jean-Christophe Courr\`{e}ge and Sylvain Duquesne and Beno\^{i}t Feix and Reynald Lercier and David Lubicz and Nicolas Th\'{e}riault and Andrew Weigl",
editor = "Christophe Doche and Henri Cohen and Gerhard Frey",
publisher = "Chapman \& Hall/CRC",
address = "Boca Raton, FL",
year = "2006",
note = "Sample chapters are online at http://www.hyperelliptic.org/HEHCC/"
}

@article{mandm,
author = "Dale Bachman and Ezra Brown and Anderson Norton",
title = "Chocolate key cryptography",
journal = "Mathematics Teacher",
volume = "104",
number = "2",
pages = "100--4014",
year = "2010"
}

@article{bellovin,
author = "Stephen Bellovin",
title = "Frank {M}iller: Inventor of the One-Time Pad",
journal = "Cryptologia",
volume = "35",
number = "3",
pages = "203--222",
year = "2011"
}

%Carstensen, Celine; Fine, Benjamin; and Rosenberger, Gerhard. Abstract Algebra: Applications to Galois Theory, Algebraic Geometry, and Cryptography.New York: de Gruyter, 2011. (QA162 .C375 2011eb)

@book{cohen,
author = "Henri Cohen",
title = "A Course in Computational Algebraic Number Theory",
publisher = "Wiley",
address = "New York",
year = "1993"
}

@book{galbraith,
author = "Steven Galbraith",
title = "Mathematics of Public Key Cryptography",
publisher = "Cambridge University Press",
address = "Cambridge, UK",
year = "2012"
}


@book{hps,
author = "Jeffrey Hoffstein and Jill Pipher and Joseph Silverman",
title = "An Introduction to Mathematical Cryptography",
publisher = "Springer",
address = "New York",
year = "2010"
}

%Horodecki, Ryszard; Kilin, Sergei; and Kowalik, Janusz (editors).  Quantum Cryptography and Computing – Theory and Implementation. Gdańsk, Poland: NATO Advanced Research Workshop on Quantum Cryptography and Computing: Theory and Implementations, 2009. (QA76.889 . N137 2009eb)


@book{kahn,
author = "David Kahn",
title = "The Codebreakers: The Story of Secret Writing",
publisher = "Macmillan",
address = "New York",
year = "1967"
}

%Katz, Jonathan and Lindell, Yehuda. Introduction to Modern Cryptography. Boca Raton, FL: Taylor and Francis Group, 2008. (QA76.9.A25 K36 2008)


@book{koblitz,
author = "Neal Koblitz",
title = "A Course in Number Theory and Cryptography",
publisher = "Springer",
address = "New York",
year = "1994"
}

@book{koblitz,
author = "Neal Koblitz",
title = "Algebraic Aspects of Cryptography",
publisher = "Springer",
address = "New York",
year = "1998"
}

@book{mao,
author = "Wenbo Mao",
title = "Modern Cryptography Theory and Practice",
publisher = "Prentice Hall",
address = "Upper Saddle River, NJ",
year = "2004"
}

%Martin, Luther. Introduction to Identity-based Encryption. Boston: Artech House, 2008. (QA76.9.A25 M374 2008eb)

@book{hac,
author = "Alfred Menezes and  Paul C. van Oorschot and Scott A. Vanstone",
title = "Handbook of Applied Cryptography",
publisher = "Chapman \& Hall/CRC",
address = "Boca Raton, FL",
year = "1996",
note = "Online at http://cacr.uwaterloo.ca/hac/"
}

@techreport{nist,
author = "Andrew Rukhin and Juan Soto and James Nechvatal and Miles Smid and Elaine Barker and Stefan Leigh and Mark Levenson and Mark Vangel and David Banks and Alan Heckert and James Dray and San Vo",
title = "A Statistical Test Suite for Random and Pseudorandom Number Generators for Cryptographic Applications",
institution = "NIST",
type = "Special Publication",
number = "800-22",
address = "Gaithersburg, MD",
year = "2010",
note = "Online at http://csrc.nist.gov/groups/ST/toolkit/random\_number.html/"
}


%Paar, Christof and Pelzl, Jan. Understanding Cryptography: A Textbook for Students and Practitioners. New York: Springer, 2011. (Z104 .P33 2010)

@book{pp,
author = "Charles Pfleeger and Shari Lawrence Pfleeger",
title = "Security in Computing",
edition = "3rd",
publisher = "Prentice Hall",
address = "Upper Saddle River, NJ",
year = "2003"
}

%Salomaa, Arto. Public-key Cryptography. New York: Springer, 1990. (QA76.9.A25 S26 1990)

@book{schneier,
author = "Bruce Schneier",
title = "Applied Cryptography",
edition = "2nd",
publisher = "Wiley",
address = "New York",
year = "1996"
}

@book{singh,
author = "Simon Singh",
title = "The Code Book",
publisher = "Doubleday",
address = "New York",
year = "1999"
}

@book{tw,
author = "Wade Trappe and Lawrence Washington",
title = "Introduction to Cryptography with Coding Theory",
edition = "2nd",
publisher = "Pearson",
address = "Upper Saddle River, NJ",
year = "2006"
}


%Sinkov, Abraham. Elementary Cryptanalysis: A Mathematical Approach. Washington: MAA, 2009. (Z104 .S47 2009)

%Stinson, Douglas. Cryptography: Theory and Practice. Boca Raton, FL: Taylor and Francis Group, 2006 (QA268 .S75 2006)

